%%
%% WinShell 3.3.2.4
%% http://www.winshell.org/
%%

% Strings


% Preamble


% BibTeX Entries
@inproceedings{AanderaaHornComplexityAndCook,
 author               = {Aanderaa, S. and Börger, E.},
 booktitle            = {Proc. 5th Scandinavian Logic Symposium 1979},
 pages                = {231--256},
 publisher            = {Aalborg University Press},
 title                = {The {H}orn Complexity of {B}oolean Functions and {C}ook's Problem},
 year                 = {1979},
 }

@inproceedings{BiereBMC,
 author               = {Biere, A. and Cimatti, A. and Clarke, E. and Zhu, Y.},
 booktitle            = {Proc. 5th Intl. Conf. on Tools and Algorithms for Construction and Analysis of Systems (TACAS 1999)},
 pages                = {193--207},
 publisher            = {Springer},
 series               = {LNCS},
 title                = {Symbolic Model Checking without {BDDs}},
 volume               = {1579},
 year                 = {1999},
 }

@article{BierePicoSAT,
 author               = {Biere, A.},
 journal              = {Journal on Satisfiability, Boolean Modeling and Computation (JSAT)},
 pages                = {75--97},
 title                = {{PicoSAT} {E}ssentials},
 volume               = {4},
 year                 = {2008},
 }

@book{BubeckProverBox,
 author               = {Bubeck, U.},
 note                 = {\\ Software available at http://www.ub-net.de/cms/proverbox.html},
 publisher            = {M.S. Thesis, San Diego State University, San Diego, USA},
 title                = {Design of a Modular Platform for Automated Theorem Proving in Multiple Logics},
 year                 = {2003},
 }

@inproceedings{BubeckSAT09,
 author               = {Kleine Büning, H. and Zhao, X. and Bubeck, U.},
 booktitle            = {Proc. 12th Intl. Conf. on Theory and Applications of Satisfiability Testing (SAT 2009)},
 pages                = {391--397},
 publisher            = {Springer},
 series               = {LNCS},
 title                = {Resolution and Expressiveness of Subclasses of Quantified {B}oolean Formulas and Circuits},
 volume               = {5584},
 year                 = {2009},
 }

@inproceedings{BubeckSAT11,
 author               = {Kleine Büning, H. and Zhao, X. and Bubeck, U.},
 booktitle            = {Proc. 14th Intl. Conf. on Theory and Applications of Satisfiability Testing (SAT 2011)},
 pages                = {245--258},
 publisher            = {Springer},
 series               = {LNCS},
 title                = {Transformations into Normal Forms for Quantified Circuits},
 volume               = {6695},
 year                 = {2011},
 }

@article{CookBooleanPrograms,
 author               = {Cook, S. and Soltys, M.},
 journal              = {The Bulletin of the Section of Logic},
 number               = {3},
 pages                = {119--129},
 title                = {Boolean Programs and Quantified Propositional Proof Systems},
 volume               = {28},
 year                 = {1999},
 }

@inproceedings{DershowitzBMC,
 author               = {Dershowitz, N. and Hanna, Z. and Katz, J.},
 booktitle            = {Proc. 8th Intl. Conf. on Theory and Applications of Satisfiability Testing (SAT 2005)},
 pages                = {408--414},
 publisher            = {Springer},
 series               = {LNCS},
 title                = {Bounded Model Checking with {QBF}},
 volume               = {3569},
 year                 = {2005},
 }

@article{DoGa,
 author               = {Dowling, W.F. and Gallier, J.H.},
 journal              = {Journal of Logic Programming},
 pages                = {267--284},
 title                = {Linear-Time Algorithms for Testing the Satisfiability of Propositional Horn Formulas},
 volume               = {1},
 year                 = {1984},
 }

@inproceedings{GoldbergEquivalenceChecking,
 author               = {Goldberg, E. and Prasad, M. and Brayton, R.},
 booktitle            = {Proc. Conf. on Design, Automation and Test in Europe (DATE 2001)},
 pages                = {114--121},
 publisher            = {IEEE Press},
 title                = {Using {SAT} for {C}ombinational {E}quivalence {C}hecking},
 year                 = {2001},
 }

@inproceedings{JunttilaCircuits,
 author               = {Junttila, T. and Niemelä, I.},
 booktitle            = {Proc. 1st Intl. Conference on Computational Logic (CL 2000)},
 note                 = {\\ Circuits available at http://users.ics.tkk.fi/tjunttil/circuits/index.html},
 pages                = {553--567},
 publisher            = {Springer},
 series               = {LNAI},
 title                = {{T}owards an {E}fficient {T}ableau {M}ethod for {B}oolean {C}ircuit {S}atisfiability {C}hecking},
 volume               = {1861},
 year                 = {2000},
 }

@proceedings{KAR72,
 author               = {Karp, R.M.},
 booktitle            = {Complexity of Computer Computations},
 editor               = {Miller, R.E. and Thatcher, J.W.},
 pages                = {85--104},
 publisher            = {Plenum Press},
 title                = {Reducibility among Combinatorial Problems},
 year                 = {1972},
 }

@inproceedings{KautzPlanning92,
 author               = {Kautz, H. and Selman, B.},
 booktitle            = {Proc. 10th European Conf. on Artificial Intelligence (ECAI 1992)},
 pages                = {359--363},
 publisher            = {John Wiley and Sons},
 title                = {Planning as Satisfiability},
 year                 = {1992},
 }

@book{KBLettmann,
 author               = {Kleine Büning, H. und Lettmann, Th.},
 booktitle            = {Propositional Logic: Deduction and Algorithms},
 chapter              = {7},
 publisher            = {Cambridge University Press},
 series               = {Cambridge tracts in Theoretical Computer Science},
 title                = {Quantified Formulas},
 year                 = {1999},
 }

@article{KuehlmannEquivalenceChecking,
 author               = {Kuehlmann, A. and Paruthi, V. and Krohm, F. and Ganai, K.},
 journal              = {IEEE Transactions on Computer-aided Design of Integrated Circuits and Systems},
 number               = {12},
 pages                = {1377--1394},
 title                = {{R}obust {B}oolean {R}easoning for {E}quivalence {C}hecking and {F}unctional {P}roperty {V}erification},
 volume               = {21},
 year                 = {2002},
 }

@article{LarrabeeCircuitToCNF,
 author               = {Larrabee, T.},
 journal              = {IEEE Transactions on Computer-aided Design of Integrated Circuits and Systems},
 number               = {1},
 pages                = {4--15},
 title                = {{T}est {P}attern {G}eneration {U}sing {B}oolean {S}atisfiability},
 volume               = {11},
 year                 = {1992},
 }

@inproceedings{MeyerQBFPSPACECompleteness,
 author               = {Meyer, A. and Stockmeyer, L.},
 booktitle            = {Proc. 5th ACM Symp. on Theory of Computing (STOC 1973)},
 pages                = {1--9},
 publisher            = {ACM},
 title                = {Word Problems Requiring Exponential Time, Preliminary Report},
 year                 = {1973},
 }

@inproceedings{MS72,
 author               = {Meyer, A. R. and Stockmeyer, J. L.},
 booktitle            = {Proc. 13th Symp. on Switching and Automata Theory},
 pages                = {125--129},
 title                = {The Equivalence Problem for Regular Expressions with Squaring Requires Exponential Space},
 volume               = {6175},
 year                 = {1972},
 }

@article{papawolf,
 author               = {Papadimitriou, D. and Wolfe, D.},
 journal              = {Journal of Computer and System Science},
 pages                = {2--13},
 title                = {The Complexity of Facets Resolved},
 volume               = {37},
 year                 = {1988},
 }

@article{PlaistedCNFTransform,
 author               = {Plaisted, D. and Greenbaum, S.},
 journal              = {Journal of Symbolic Computation},
 number               = {3},
 pages                = {293--304},
 title                = {A Structure-preserving Clause Form Translation},
 volume               = {2},
 year                 = {1986},
 }

@inproceedings{SabharwalQBFModelingNonCNF,
 author               = {Sabharwal, A. and Ansotegui, C. and Gomes, C. and Hart, J. and Selman, B.},
 booktitle            = {Proc. 9th Intl. Conf. on Theory and Applications of Satisfiability Testing (SAT 2006)},
 pages                = {382--395},
 publisher            = {Springer},
 series               = {LNCS},
 title                = {{QBF} Modeling: Exploiting Player Symmetry for Simplicity and Efficiency},
 volume               = {4121},
 year                 = {2006},
 }

@article{SinzConfiguration,
 author               = {Sinz, C. and Kaiser, A. and Küchlin, W.},
 journal              = {Artificial Intelligence for Engineering Design, Analysis and Manufacturing},
 number               = {1},
 pages                = {75--97},
 title                = {Formal {M}ethods for the {V}alidation of {A}utomotive {P}roduct {C}onfiguration {D}ata},
 volume               = {17},
 year                 = {2003},
 }

@article{SteinConfiguration,
 author               = {Stein, B.},
 journal              = {Journal of Applied Intelligence},
 pages                = {247--255},
 title                = {{G}enerating {H}euristics to {C}ontrol {C}onfiguration {P}rocesses},
 volume               = {10},
 year                 = {1999},
 }

@incollection{Tseitin,
 author               = {Tseitin, G.},
 booktitle            = {Studies in Constructive Mathematics and Mathematical Logic, Part II},
 editor               = {A. Slisenko},
 pages                = {115--125},
 publisher            = {Springer},
 title                = {On the Complexity of Derivation in Propositional Calculus},
 year                 = {1970},
 }
